@article{McGeer01041990,
  author = {McGeer, Tad}, 
  title = {\href{http://ijr.sagepub.com/content/9/2/62.abstract}{Passive Dynamic Walking}}, 
  volume = {9}, 
  number = {2}, 
  pages = {62-82}, 
  year = {1990}, 
  doi = {10.1177/027836499000900206}, 
  URL = {http://ijr.sagepub.com/content/9/2/62.abstract}, 
  eprint = {http://ijr.sagepub.com/content/9/2/62.full.pdf+html}, 
  journal = {The International Journal of Robotics Research}
}

@article{kalman1960new,
  title={A new approach to linear filtering and prediction problems},
  author={Kalman, R.E.},
  journal={Journal of Basic Engineering},
  volume={82},
  number={1},
  pages={35--45},
  year={1960},
  publisher={Citeseer}
}


@article{shafiullah2022behavior,
  title={Behavior Transformers: Cloning $ k $ modes with one stone},
  author={Shafiullah, Nur Muhammad Mahi and Cui, Zichen Jeff and Altanzaya, Ariuntuya and Pinto, Lerrel},
  journal={arXiv preprint arXiv:2206.11251},
  year={2022}
}

@article{fujimoto2021minimalist,
  title={A minimalist approach to offline reinforcement learning},
  author={Fujimoto, Scott and Gu, Shixiang Shane},
  journal={Advances in neural information processing systems},
  volume={34},
  pages={20132--20145},
  year={2021}
}

@inproceedings{fujimoto2019off,
  title={Off-policy deep reinforcement learning without exploration},
  author={Fujimoto, Scott and Meger, David and Precup, Doina},
  booktitle={International conference on machine learning},
  pages={2052--2062},
  year={2019},
  organization={PMLR}
}

@article{kumar2020conservative,
  title={Conservative q-learning for offline reinforcement learning},
  author={Kumar, Aviral and Zhou, Aurick and Tucker, George and Levine, Sergey},
  journal={Advances in Neural Information Processing Systems},
  volume={33},
  pages={1179--1191},
  year={2020}
}


@article{yu2020mopo,
  title={Mopo: Model-based offline policy optimization},
  author={Yu, Tianhe and Thomas, Garrett and Yu, Lantao and Ermon, Stefano and Zou, James Y and Levine, Sergey and Finn, Chelsea and Ma, Tengyu},
  journal={Advances in Neural Information Processing Systems},
  volume={33},
  pages={14129--14142},
  year={2020}
}


@article{dosovitskiy2020image,
  title={An image is worth 16x16 words: Transformers for image recognition at scale},
  author={Dosovitskiy, Alexey and Beyer, Lucas and Kolesnikov, Alexander and Weissenborn, Dirk and Zhai, Xiaohua and Unterthiner, Thomas and Dehghani, Mostafa and Minderer, Matthias and Heigold, Georg and Gelly, Sylvain and others},
  journal={arXiv preprint arXiv:2010.11929},
  year={2020}
}

@inproceedings{xiong2020layer,
  title={On layer normalization in the transformer architecture},
  author={Xiong, Ruibin and Yang, Yunchang and He, Di and Zheng, Kai and Zheng, Shuxin and Xing, Chen and Zhang, Huishuai and Lan, Yanyan and Wang, Liwei and Liu, Tieyan},
  booktitle={International Conference on Machine Learning},
  pages={10524--10533},
  year={2020},
  organization={PMLR}
}

@article{haarnoja2018soft,
  title={Soft actor-critic algorithms and applications},
  author={Haarnoja, Tuomas and Zhou, Aurick and Hartikainen, Kristian and Tucker, George and Ha, Sehoon and Tan, Jie and Kumar, Vikash and Zhu, Henry and Gupta, Abhishek and Abbeel, Pieter and others},
  journal={arXiv preprint arXiv:1812.05905},
  year={2018}
}


@article{schulman2017proximal,
  title={Proximal policy optimization algorithms},
  author={Schulman, John and Wolski, Filip and Dhariwal, Prafulla and Radford, Alec and Klimov, Oleg},
  journal={arXiv preprint arXiv:1707.06347},
  year={2017}
}


@inproceedings{NEURIPS2020_588cb956,
 author = {Wang, Ziyu and Novikov, Alexander and Zolna, Konrad and Merel, Josh S and Springenberg, Jost Tobias and Reed, Scott E and Shahriari, Bobak and Siegel, Noah and Gulcehre, Caglar and Heess, Nicolas and de Freitas, Nando},
 booktitle = {Advances in Neural Information Processing Systems},
 editor = {H. Larochelle and M. Ranzato and R. Hadsell and M.F. Balcan and H. Lin},
 pages = {7768--7778},
 publisher = {Curran Associates, Inc.},
 title = {Critic Regularized Regression},
 url = {https://proceedings.neurips.cc/paper/2020/file/588cb956d6bbe67078f29f8de420a13d-Paper.pdf},
 volume = {33},
 year = {2020}
}


@article{dosovitskiy2020image,
  title={An image is worth 16x16 words: Transformers for image recognition at scale},
  author={Dosovitskiy, Alexey and Beyer, Lucas and Kolesnikov, Alexander and Weissenborn, Dirk and Zhai, Xiaohua and Unterthiner, Thomas and Dehghani, Mostafa and Minderer, Matthias and Heigold, Georg and Gelly, Sylvain and others},
  journal={arXiv preprint arXiv:2010.11929},
  year={2020}
}

@article{brown2020language,
  title={Language models are few-shot learners},
  author={Brown, Tom and Mann, Benjamin and Ryder, Nick and Subbiah, Melanie and Kaplan, Jared D and Dhariwal, Prafulla and Neelakantan, Arvind and Shyam, Pranav and Sastry, Girish and Askell, Amanda and others},
  journal={Advances in neural information processing systems},
  volume={33},
  year={2020}
}

@article{zhu2020robosuite,
  title={robosuite: A modular simulation framework and benchmark for robot learning},
  author={Zhu, Yuke and Wong, Josiah and Mandlekar, Ajay and Mart{\'\i}n-Mart{\'\i}n, Roberto},
  journal={arXiv preprint arXiv:2009.12293},
  year={2020}
}

@article{kumar2021workflow,
  title={A workflow for offline model-free robotic reinforcement learning},
  author={Kumar, Aviral and Singh, Anikait and Tian, Stephen and Finn, Chelsea and Levine, Sergey},
  journal={arXiv preprint arXiv:2109.10813},
  year={2021}
}

@article{levine2020offline,
  title={Offline reinforcement learning: Tutorial, review, and perspectives on open problems},
  author={Levine, Sergey and Kumar, Aviral and Tucker, George and Fu, Justin},
  journal={arXiv preprint arXiv:2005.01643},
  year={2020}
}

@article{loshchilov2017decoupled,
  title={Decoupled weight decay regularization},
  author={Loshchilov, Ilya and Hutter, Frank},
  journal={arXiv preprint arXiv:1711.05101},
  year={2017}
}

@article{cui2022play,
  title={From play to policy: Conditional behavior generation from uncurated robot data},
  author={Cui, Zichen Jeff and Wang, Yibin and Muhammad, Nur and Pinto, Lerrel and others},
  journal={arXiv preprint arXiv:2210.10047},
  year={2022}
}

@misc{decisiontransformer,
  doi = {10.48550/ARXIV.2106.01345},
  
  url = {https://arxiv.org/abs/2106.01345},
  
  author = {Chen, Lili and Lu, Kevin and Rajeswaran, Aravind and Lee, Kimin and Grover, Aditya and Laskin, Michael and Abbeel, Pieter and Srinivas, Aravind and Mordatch, Igor},
  
  keywords = {Machine Learning (cs.LG), Artificial Intelligence (cs.AI), FOS: Computer and information sciences, FOS: Computer and information sciences},
  
  title = {Decision Transformer: Reinforcement Learning via Sequence Modeling},
  
  publisher = {arXiv},
  
  year = {2021},
  
  copyright = {arXiv.org perpetual, non-exclusive license}
}

@misc{trajectorytransformer,
  doi = {10.48550/ARXIV.2106.02039},
  
  url = {https://arxiv.org/abs/2106.02039},
  
  author = {Janner, Michael and Li, Qiyang and Levine, Sergey},
  
  keywords = {Machine Learning (cs.LG), Artificial Intelligence (cs.AI), FOS: Computer and information sciences, FOS: Computer and information sciences},
  
  title = {Offline Reinforcement Learning as One Big Sequence Modeling Problem},
  
  publisher = {arXiv},
  
  year = {2021},
  
  copyright = {arXiv.org perpetual, non-exclusive license}
}

@misc{esper,
  doi = {10.48550/ARXIV.2205.15967},
  
  url = {https://arxiv.org/abs/2205.15967},
  
  author = {Paster, Keiran and McIlraith, Sheila and Ba, Jimmy},
  
  keywords = {Machine Learning (cs.LG), Artificial Intelligence (cs.AI), FOS: Computer and information sciences, FOS: Computer and information sciences},
  
  title = {You Can't Count on Luck: Why Decision Transformers Fail in Stochastic Environments},
  
  publisher = {arXiv},
  
  year = {2022},
  
  copyright = {arXiv.org perpetual, non-exclusive license}
}

@article{loshchilov2017decoupled,
  title={Decoupled weight decay regularization},
  author={Loshchilov, Ilya and Hutter, Frank},
  journal={arXiv preprint arXiv:1711.05101},
  year={2017}
}
@article{eysenbach2022imitating,
  title={Imitating Past Successes can be Very Suboptimal},
  author={Eysenbach, Benjamin and Udatha, Soumith and Levine, Sergey and Salakhutdinov, Ruslan},
  journal={arXiv preprint arXiv:2206.03378},
  year={2022}
}

@article{ghosh2019learning,
  title={Learning to reach goals via iterated supervised learning},
  author={Ghosh, Dibya and Gupta, Abhishek and Reddy, Ashwin and Fu, Justin and Devin, Coline and Eysenbach, Benjamin and Levine, Sergey},
  journal={arXiv preprint arXiv:1912.06088},
  year={2019}
}

@article{nair2018visual,
  title={Visual reinforcement learning with imagined goals},
  author={Nair, Ashvin V and Pong, Vitchyr and Dalal, Murtaza and Bahl, Shikhar and Lin, Steven and Levine, Sergey},
  journal={Advances in neural information processing systems},
  volume={31},
  year={2018}
}

@article{andrychowicz2017hindsight,
  title={Hindsight experience replay},
  author={Andrychowicz, Marcin and Wolski, Filip and Ray, Alex and Schneider, Jonas and Fong, Rachel and Welinder, Peter and McGrew, Bob and Tobin, Josh and Pieter Abbeel, OpenAI and Zaremba, Wojciech},
  journal={Advances in neural information processing systems},
  volume={30},
  year={2017}
}

@inproceedings{robomimic2021,
  title={What Matters in Learning from Offline Human Demonstrations for Robot Manipulation},
  author={Ajay Mandlekar and Danfei Xu and Josiah Wong and Soroush Nasiriany and Chen Wang and Rohun Kulkarni and Li Fei-Fei and Silvio Savarese and Yuke Zhu and Roberto Mart\'{i}n-Mart\'{i}n},
  booktitle={Conference on Robot Learning (CoRL)},
  year={2021}
}

@inproceedings{xu2022prompting,
  title={Prompting decision transformer for few-shot policy generalization},
  author={Xu, Mengdi and Shen, Yikang and Zhang, Shun and Lu, Yuchen and Zhao, Ding and Tenenbaum, Joshua and Gan, Chuang},
  booktitle={International Conference on Machine Learning},
  pages={24631--24645},
  year={2022},
  organization={PMLR}
}

@article{brandfonbrener2022does,
  title={When does return-conditioned supervised learning work for offline reinforcement learning?},
  author={Brandfonbrener, David and Bietti, Alberto and Buckman, Jacob and Laroche, Romain and Bruna, Joan},
  journal={arXiv preprint arXiv:2206.01079},
  year={2022}
}

@misc{gato,
  doi = {10.48550/ARXIV.2205.06175},
  
  url = {https://arxiv.org/abs/2205.06175},
  
  author = {Reed, Scott and Zolna, Konrad and Parisotto, Emilio and Colmenarejo, Sergio Gomez and Novikov, Alexander and Barth-Maron, Gabriel and Gimenez, Mai and Sulsky, Yury and Kay, Jackie and Springenberg, Jost Tobias and Eccles, Tom and Bruce, Jake and Razavi, Ali and Edwards, Ashley and Heess, Nicolas and Chen, Yutian and Hadsell, Raia and Vinyals, Oriol and Bordbar, Mahyar and de Freitas, Nando},
  
  keywords = {Artificial Intelligence (cs.AI), Computation and Language (cs.CL), Machine Learning (cs.LG), Robotics (cs.RO), FOS: Computer and information sciences, FOS: Computer and information sciences},
  
  title = {A Generalist Agent},
  
  publisher = {arXiv},
  
  year = {2022},
  
  copyright = {Creative Commons Attribution 4.0 International}
}

@misc{udrl_idea,
  doi = {10.48550/ARXIV.1912.02875},
  
  url = {https://arxiv.org/abs/1912.02875},
  
  author = {Schmidhuber, Juergen},
  
  keywords = {Artificial Intelligence (cs.AI), Machine Learning (cs.LG), FOS: Computer and information sciences, FOS: Computer and information sciences},
  
  title = {Reinforcement Learning Upside Down: Don't Predict Rewards -- Just Map Them to Actions},
  
  publisher = {arXiv},
  
  year = {2019},
  
  copyright = {arXiv.org perpetual, non-exclusive license}
}

@misc{udrl_implementation,
  doi = {10.48550/ARXIV.1912.02877},
  
  url = {https://arxiv.org/abs/1912.02877},
  
  author = {Srivastava, Rupesh Kumar and Shyam, Pranav and Mutz, Filipe and Jaśkowski, Wojciech and Schmidhuber, Jürgen},
  
  keywords = {Machine Learning (cs.LG), Artificial Intelligence (cs.AI), Robotics (cs.RO), FOS: Computer and information sciences, FOS: Computer and information sciences},
  
  title = {Training Agents using Upside-Down Reinforcement Learning},
  
  publisher = {arXiv},
  
  year = {2019},
  
  copyright = {arXiv.org perpetual, non-exclusive license}
}

@misc{online_decisiontransformer,
  doi = {10.48550/ARXIV.2202.05607},
  
  url = {https://arxiv.org/abs/2202.05607},
  
  author = {Zheng, Qinqing and Zhang, Amy and Grover, Aditya},
  
  keywords = {Machine Learning (cs.LG), Artificial Intelligence (cs.AI), FOS: Computer and information sciences, FOS: Computer and information sciences},
  
  title = {Online Decision Transformer},
  
  publisher = {arXiv},
  
  year = {2022},
  
  copyright = {Creative Commons Attribution 4.0 International}
}

@misc{rcp,
  doi = {10.48550/ARXIV.1912.13465},
  
  url = {https://arxiv.org/abs/1912.13465},
  
  author = {Kumar, Aviral and Peng, Xue Bin and Levine, Sergey},
  
  keywords = {Machine Learning (cs.LG), Machine Learning (stat.ML), FOS: Computer and information sciences, FOS: Computer and information sciences},
  
  title = {Reward-Conditioned Policies},
  
  publisher = {arXiv},
  
  year = {2019},
  
  copyright = {arXiv.org perpetual, non-exclusive license}
}

@misc{rvs,
  doi = {10.48550/ARXIV.2112.10751},
  
  url = {https://arxiv.org/abs/2112.10751},
  
  author = {Emmons, Scott and Eysenbach, Benjamin and Kostrikov, Ilya and Levine, Sergey},
  
  keywords = {Machine Learning (cs.LG), Artificial Intelligence (cs.AI), Machine Learning (stat.ML), FOS: Computer and information sciences, FOS: Computer and information sciences},
  
  title = {RvS: What is Essential for Offline RL via Supervised Learning?},
  
  publisher = {arXiv},
  
  year = {2021},
  
  copyright = {Creative Commons Attribution 4.0 International}
}



@misc{transformer,
  doi = {10.48550/ARXIV.1706.03762},
  
  url = {https://arxiv.org/abs/1706.03762},
  
  author = {Vaswani, Ashish and Shazeer, Noam and Parmar, Niki and Uszkoreit, Jakob and Jones, Llion and Gomez, Aidan N. and Kaiser, Lukasz and Polosukhin, Illia},
  
  keywords = {Computation and Language (cs.CL), Machine Learning (cs.LG), FOS: Computer and information sciences, FOS: Computer and information sciences},
  
  title = {Attention Is All You Need},
  
  publisher = {arXiv},
  
  year = {2017},
  
  copyright = {arXiv.org perpetual, non-exclusive license}
}
